<?xml version="1.0" encoding="UTF-8"?><collection xmlns="http://www.loc.gov/MARC21/slim"><record><leader>00420nam--2200133-i-4500</leader><controlfield tag="001">000037741</controlfield><controlfield tag="002">20161230</controlfield><controlfield tag="005">20161230201041</controlfield><controlfield tag="008">060222s1000------------r-----000-0-eng-d</controlfield><datafield ind1=" " ind2=" " tag="080"><subfield code="a">539.126</subfield></datafield><datafield ind1=" " ind2=" " tag="100"><subfield code="a">Queen, N.M., Dumbrais, O.V.And Dumbrais, T.Yu</subfield></datafield><datafield ind1=" " ind2=" " tag="245"><subfield code="a">A compilation of data on the real parts of the k+p forward scattering amplitudes</subfield></datafield><datafield ind1=" " ind2=" " tag="260"><subfield code="a">Dubna, Joint Inst.For Nuclear Research, 1970, 15p</subfield></datafield><datafield ind1=" " ind2=" " tag="852"><subfield code="a">33376</subfield></datafield></record></collection>